<record><leader>00000cas a22000007a 4500</leader><controlfield tag="001">37137588</controlfield><controlfield tag="008">970617d19451949cauwr ne      0    0eng d</controlfield><datafield ind1=" " ind2=" " tag="010"><subfield code="a">sn 97060560 </subfield></datafield><datafield ind1=" " ind2=" " tag="040"><subfield code="a">CNK</subfield><subfield code="b">eng</subfield><subfield code="c">CNK</subfield><subfield code="d">OCLCQ</subfield><subfield code="d">OCLCF</subfield><subfield code="d">OCLCO</subfield></datafield><datafield ind1="1" ind2=" " tag="029"><subfield code="a">AU@</subfield><subfield code="b">000013335372</subfield></datafield><datafield ind1=" " ind2=" " tag="042"><subfield code="a">msc</subfield></datafield><datafield ind1=" " ind2=" " tag="043"><subfield code="a">n-us-ca</subfield></datafield><datafield ind1="0" ind2="4" tag="245"><subfield code="a">The herald and the Burlingame sun.</subfield></datafield><datafield ind1="1" ind2="3" tag="246"><subfield code="a">Herald-sun and the Burlingame sun</subfield></datafield><datafield ind1="1" ind2="7" tag="246"><subfield code="a">Herald-sun</subfield></datafield><datafield ind1=" " ind2=" " tag="260"><subfield code="a">Burlingame, Calif. :</subfield><subfield code="b">George A. McQueen</subfield></datafield><datafield ind1=" " ind2=" " tag="300"><subfield code="a">v.</subfield></datafield><datafield ind1=" " ind2=" " tag="310"><subfield code="a">Weekly</subfield></datafield><datafield ind1="0" ind2=" " tag="362"><subfield code="a">Vol. 1, no. 2 (Jan. 5, 1945)-v. 5, no. 2 (Jan. 14, 1949).</subfield></datafield><datafield ind1=" " ind2="0" tag="651"><subfield code="a">Burlingame (Calif.)</subfield><subfield code="v">Newspapers.</subfield></datafield><datafield ind1=" " ind2="7" tag="655"><subfield code="a">Newspapers.</subfield><subfield code="2">fast</subfield><subfield code="0">(OCoLC)fst01423814</subfield></datafield><datafield ind1=" " ind2="7" tag="651"><subfield code="a">California</subfield><subfield code="z">Burlingame.</subfield><subfield code="2">fast</subfield><subfield code="0">(OCoLC)fst01214329</subfield></datafield><datafield ind1=" " ind2=" " tag="752"><subfield code="a">United States</subfield><subfield code="b">California</subfield><subfield code="c">San Mateo</subfield><subfield code="d">Burlingame.</subfield></datafield><datafield ind1="0" ind2=" " tag="775"><subfield code="t">Burlingame advance and Burlingame star</subfield><subfield code="w">(DLC)sn 92068951</subfield></datafield><datafield ind1="0" ind2=" " tag="775"><subfield code="t">Advance and Burlingame star</subfield><subfield code="w">(DLC)sn 97069133</subfield></datafield><datafield ind1="0" ind2="0" tag="780"><subfield code="t">Herald and sun</subfield><subfield code="w">(DLC)sn 97069138</subfield></datafield><datafield ind1="0" ind2="0" tag="785"><subfield code="t">Sun-herald (Burlingame, Calif.)</subfield><subfield code="w">(DLC)sn 97069139</subfield></datafield></record>